@inproceedings{hofmann2022politosphere,
    title = {The {R}eddit {P}olitosphere: A Large-Scale Text and Network Resource of Online Political Discourse},
    author = {Hofmann, Valentin and Sch{\"u}tze, Hinrich and Pierrehumbert, Janet},
    booktitle = {Proceedings of the International AAAI Conference on Web and Social Media 16},
    year = {2022}
}

@article{politicalpolar,
  title={Quantifying social organization and political polarization in online platforms},
  author={Waller, Isaac and Anderson, Ashton},
  journal={Nature},
  volume={600},
  number={7888},
  pages={264--268},
  year={2021},
  publisher={Nature Publishing Group UK London}
}

@article{echochamberstwitter,
  title={Tweeting from left to right: Is online political communication more than an echo chamber?},
  author={Barber{\'a}, Pablo and Jost, John T and Nagler, Jonathan and Tucker, Joshua A and Bonneau, Richard},
  journal={Psychological science},
  volume={26},
  number={10},
  pages={1531--1542},
  year={2015},
  publisher={Sage Publications Sage CA: Los Angeles, CA}
}

@article{effectnewsitaly,
  title={Public discourse and news consumption on online social media: A quantitative, cross-platform analysis of the Italian Referendum},
  author={Del Vicario, Michela and Gaito, Sabrina and Quattrociocchi, Walter and Zignani, Matteo and Zollo, Fabiana},
  journal={arXiv preprint arXiv:1702.06016},
  year={2017}
}